<?xml version="1.0" encoding="UTF-8"?>
<record xmlns="http://www.loc.gov/MARC21/slim">
   <leader>01466cam a2200337 a 4500</leader>
   <controlfield tag="001">774919</controlfield>
   <controlfield tag="003">NjP</controlfield>
   <controlfield tag="005">20190705141741.0</controlfield>
   <controlfield tag="008">921209s1924    ua      r     000 0 ara d</controlfield>
   <datafield tag="024" ind1="7" ind2=" ">
      <subfield code="a">princeton_aco003649</subfield>
      <subfield code="2">local</subfield>
   </datafield>
   <datafield ind1=" " ind2=" " tag="040">
      <subfield code="a">NjP</subfield>
      <subfield code="c">PUL</subfield>
      <subfield code="d">PUL</subfield>
   </datafield>
   <datafield ind1=" " ind2=" " tag="035">
      <subfield code="a">(CStRLIN)NJPG92-B68237</subfield>
   </datafield>
   <datafield ind1=" " ind2=" " tag="035">
      <subfield code="9">ADQ9259TS</subfield>
   </datafield>
   <datafield ind1=" " ind2=" " tag="035">
      <subfield code="a">(NjP)774919</subfield>
   </datafield>
   <datafield ind1=" " ind2=" " tag="049">
      <subfield code="a">PULL</subfield>
   </datafield>
   <datafield ind1=" " ind2=" " tag="035">
      <subfield code="a">(OCoLC)ocm27152107</subfield>
   </datafield>
   <datafield ind1="0" ind2="0" tag="245">
      <subfield code="6">880-01</subfield>
      <subfield code="a">Injīl Barnābā :</subfield>
      <subfield code="b">tafakuhat fī maʻraḍ al-dīn.</subfield>
   </datafield>
   <datafield ind1=" " ind2=" " tag="250">
      <subfield code="6">880-02</subfield>
      <subfield code="a">Ṭabʻah 3.</subfield>
   </datafield>
   <datafield ind1=" " ind2=" " tag="260">
      <subfield code="6">880-03</subfield>
      <subfield code="a">Miṣr :</subfield>
      <subfield code="b">al-Maktabah al-Inklīzīyah,</subfield>
      <subfield code="c">1924.</subfield>
   </datafield>
   <datafield ind1=" " ind2=" " tag="300">
      <subfield code="a">60 p. ;</subfield>
      <subfield code="c">22 cm.</subfield>
   </datafield>
   <datafield ind1=" " ind2=" " tag="500">
      <subfield code="6">880-04</subfield>
      <subfield code="a">"Majmūʻat fuṣūl intīqādīyah mabnīyah ʻalá ḥaqāʼiq rāhinah tufannidu aqwāl hadhā "al-Injīl" wa-tadḥadu daʻāwīh".</subfield>
   </datafield>
   <datafield ind1=" " ind2=" " tag="533">
      <subfield code="a">Photocopy.</subfield>
      <subfield code="b">[Austin, TX] :</subfield>
      <subfield code="c">Booklab, Inc.,</subfield>
      <subfield code="d">1991.</subfield>
      <subfield code="7">s1991    txun r</subfield>
   </datafield>
   <datafield ind1="0" ind2="0" tag="630">
      <subfield code="a">Gospel of Barnabas</subfield>
      <subfield code="x">Criticism, interpretation, etc.</subfield>
   </datafield>
   <datafield ind1="0" ind2="0" tag="880">
      <subfield code="6">245-01/r</subfield>
      <subfield code="a">انجيل برنابا :</subfield>
      <subfield code="b">تفكهة في معرض الدين.</subfield>
   </datafield>
   <datafield ind1=" " ind2=" " tag="880">
      <subfield code="6">250-02/r</subfield>
      <subfield code="a">طبعة 3.</subfield>
   </datafield>
   <datafield ind1=" " ind2=" " tag="880">
      <subfield code="6">260-03/r</subfield>
      <subfield code="a">مصر :</subfield>
      <subfield code="b">المكتبة الانكليزية،</subfield>
      <subfield code="c">1924.</subfield>
   </datafield>
   <datafield ind1=" " ind2=" " tag="880">
      <subfield code="6">500-04/r</subfield>
      <subfield code="a">"مجموعة فصول انتيقادية مبنية على حقائق راهنة تفند اقوال هذا "الانجيل" وتدحد دعاويه".</subfield>
   </datafield>
   <datafield ind1=" " ind2=" " tag="998">
      <subfield code="a">12/11/92</subfield>
      <subfield code="s">9114</subfield>
      <subfield code="n">NjP</subfield>
      <subfield code="w">NJPG92B68237</subfield>
      <subfield code="d">12/09/92</subfield>
      <subfield code="c">JAB</subfield>
      <subfield code="b">JAB</subfield>
      <subfield code="i">921211</subfield>
      <subfield code="l">NJPG</subfield>
   </datafield>
   <datafield ind1=" " ind2=" " tag="911">
      <subfield code="a">19921218</subfield>
   </datafield>
   <datafield ind1=" " ind2=" " tag="912">
      <subfield code="a">19921211000000.0</subfield>
   </datafield>
   <datafield ind1=" " ind2=" " tag="994">
      <subfield code="a">C0</subfield>
      <subfield code="b">PUL</subfield>
   </datafield>
   <datafield ind1=" " ind2=" " tag="999">
      <subfield code="a">774919</subfield>
   </datafield>
   <datafield ind1=" " ind2=" " tag="979">
      <subfield code="a">(OCoLC)ocn176690645</subfield>
   </datafield>
   <datafield ind1="0" ind2="0" tag="852">
      <subfield code="0">875549</subfield>
      <subfield code="b">rcppa</subfield>
      <subfield code="t">1</subfield>
      <subfield code="h">BS2860.B42</subfield>
      <subfield code="i">I54 1924</subfield>
      <subfield code="x">tr fr arab</subfield>
   </datafield>
   <datafield ind1=" " ind2=" " tag="959">
      <subfield code="a">2000-06-13 00:00:00 -0400</subfield>
   </datafield>
</record>
